@inproceedings{chen2016dynamic,
  title={Dynamic Pricing in a Labor Market: Surge Pricing and Flexible Work on the Uber Platform},
  author={Chen, M Keith and Sheldon, Michael},
  year={2016},
  howpublished = {\url{http://www.anderson.ucla.edu/faculty_pages/keith.chen/papers/SurgeAndFlexibleWork_WorkingPaper.pdf}},
  note = {Working paper. Abstract appeared in ACM EC-2016.}
}

@techreport{hall2016analysis,
  title={An Analysis of the Labor Market for Uber's Driver-Partners in the United States},
  author={Hall, Jonathan V. and Krueger, Alan B.},
  year={2016},
  number={No. w22843},
  institution={National Bureau of Economic Research}
}

@inproceedings{castillo2017surge,
  title={Surge pricing solves the wild goose chase},
  author={Castillo, Juan Camilo and Knoepfle, Dan and Weyl, Glen},
  booktitle={Proceedings of the 2017 ACM Conference on Economics and Computation},
  pages={241--242},
  year={2017},
  organization={ACM}
}

@inproceedings{chen2015peeking,
  title={Peeking beneath the hood of Uber},
  author={Chen, Le and Mislove, Alan and Wilson, Christo},
  booktitle={Proceedings of the 2015 ACM Internet Measurement Conference},
  pages={495--508},
  year={2015},
  organization={ACM}
}

@article{ma2018spatio,
  title={Spatio-Temporal Pricing for Ridesharing Platforms},
  author={Ma, Hongyao and Fang, Fei and Parkes, David C},
  journal={arXiv preprint arXiv:1801.04015},
  year={2018}
}

@article{bimpikis2016spatial,
  title={Spatial pricing in ride-sharing networks},
  author={Bimpikis, Kostas and Candogan, Ozan and Daniela, Saban},
  year={2016}
}

@inproceedings{banerjee2015pricing,
  title={Pricing in Ride-Sharing Platforms: A Queueing-Theoretic Approach},
  author={Banerjee, Siddhartha and Johari, Ramesh and Riquelme, Carlos},
  year={2015},
  howpublished={\url{https://dl.acm.org/citation.cfm?id=2764527}},
  note={Abstract appeared in ACM EC-2015.}
}

@article{camerer1997labor,
  title={Labor Supply of New York City Cabdrivers: One day at a Time},
  author={Camerer, Colin and Babcock, Linda and Loewenstein, George and Thaler, Richard},
  journal={The Quarterly Journal of Economics},
  volume={112},
  number={2},
  pages={407--441},
  year={1997},
  publisher={MIT Press}
}

@inproceedings{zhang2017taxi,
  title={A taxi order dispatch model based on combinatorial optimization},
  author={Zhang, Lingyu and Hu, Tao and Min, Yue and Wu, Guobin and Zhang, Junying and Feng, Pengcheng and Gong, Pinghua and Ye, Jieping},
  booktitle={Proceedings of the 23rd ACM SIGKDD International Conference on Knowledge Discovery and Data Mining},
  pages={2151--2159},
  year={2017},
  organization={ACM}
}

@inproceedings{nilim2004robustness,
title={Robustness in Markov decision problems with uncertain transition matrices},
author={Nilim, Arnab and El Ghaoui, Laurent},
booktitle={Advances in Neural Information Processing Systems},
pages={839--846},
year={2004}
}