@book{lehmann2006theory,
  title={Theory of point estimation},
  author={Lehmann, Erich Leo and Casella, George},
  year={2006},
  publisher={Springer Science \& Business Media}
}

@book{poor2013introduction,
  title={An introduction to signal detection and estimation},
  author={Poor, H Vincent},
  year={2013},
  publisher={Springer Science \& Business Media}
}

@inproceedings{nilim2004robustness,
  title={Robustness in Markov decision problems with uncertain transition matrices},
  author={Nilim, Arnab and El Ghaoui, Laurent},
  booktitle={Advances in neural information processing systems},
  pages={839--846},
  year={2004}
}

@article{kullback62tests,
title = {Tests for Contingency Tables and Markov Chains},
author = {S. Kullback and M. Kupperman and H. H. Ku},
journal = {Technometrics},
volume = {4},
number = {4},
year = {1962},
pages = {573--608}
}

@inproceedings{chen2015peeking,
  title={Peeking beneath the hood of uber},
  author={Chen, Le and Mislove, Alan and Wilson, Christo},
  booktitle={Proceedings of the 2015 ACM Conference on Internet Measurement Conference},
  pages={495--508},
  year={2015},
  organization={ACM}
}