@inproceedings{nilim2003robustness,
  title={Robustness in Markov Decision Problems with Uncertain Transition Matrices.},
  author={Nilim, Arnab and El Ghaoui, Laurent},
  booktitle={NIPS},
  pages={839--846},
  year={2003}
}